 @misc{seth_2019,
  title   = {Introduction to Question Answering over Knowledge Graphs},
  url     = {https://yashuseth.blog/2019/10/08/introduction-question-answering-knowledge-graphs-kgqa/},
  journal = {Let the Machines Learn},
  author  = {Seth, Yashu},
  year    = {2019},
  month   = {Oct}
} 

 @article{paulheim_2016,
  title   = {Knowledge graph refinement: A survey of approaches and evaluation methods},
  journal = {Semantic Web},
  author  = {Paulheim, Heiko},
  year    = {2016},
  pages   = {1-20}
} 

@book{ilmu_perundang_undangan,
  author = {Indrati, Maria Farida Indrati and Sikumbang, Sony Maulana and Sjarif, Fitrani Ahlan and Salampessy, M. Yahdi},
  year   = {2015},
  pages  = {1-2},
  title  = {Ilmu Perundang-Undangan},
  isbn   = {9789790119505}
}

@article{teori_amandemen,
  author  = {Muntoha, Muntoha},
  year    = {2003},
  month   = {09},
  pages   = {284-295},
  title   = {Teori Amandemen dan Proses Amandemen di Indonesia},
  volume  = {26},
  journal = {Unisia},
  doi     = {10.20885/unisia.vol26.iss49.art7}
}

@inproceedings{owlizr,
  author = {Darari, Fariz and Krisnadhi, Adila and Manurung, Ruli},
  year   = {2010},
  month  = {11},
  title  = {OWLizr: Knowledge Representation System for Bahasa Indonesia Based on OWL DL}
}

@misc{schema.org,
  title   = {Welcome to Schema.org},
  url     = {https://schema.org/},
  journal = {Schema.org - Schema.org}
}

@misc{eli,
  title   = {Lex Access to European Union law},
  url     = {https://eur-lex.europa.eu/eli-register/about.html},
  journal = {EUR}
}

@misc{wikidata,
  title   = {Main Page},
  url     = {https://www.wikidata.org/wiki/Wikidata:Main_Page},
  journal = {Wikidata}
}

@misc{turtle,
  url    = {https://www.w3.org/TR/turtle/},
  author = {Beckett, David and Berners-Lee, Tim and Prud'hommeaux, Eric and Carothers, Gavin},
  title  = {RDF 1.1 Turtle (Terse RDF Triple Language)},
  year   = {2014},
  month  = {2}
}

@misc{sparql,
  url    = {https://www.w3.org/TR/sparql11-query/},
  author = {Steve Harris, Garlik. and Seaborne, Andy},
  title  = {SPARQL 1.1 Query Language },
  year   = {2013},
  month  = {3}
}

@misc{rdf_spec,
  title  = {Resource Description Framework (RDF) Schema Specification},
  url    = {https://www.w3.org/TR/PR-rdf-schema/#intro},
  author = {Brickley, Dan and Guha, R.V.},
}